@inbook{Ilag2020,
   author = {Balu N Ilag},
   doi = {10.1007/978-1-4842-5875-0_1},
   journal = {Understanding Microsoft Teams Administration},
   title = {Microsoft Teams Overview},
   year = {2020},
}

@article{10.1145/3498335,
    author = {Reisinger, Thomas and Wagner, Isabel and Boiten, Eerke Albert},
    title = {Security and Privacy in Unified Communication},
    year = {2022},
    issue_date = {March 2023},
    publisher = {Association for Computing Machinery},
    address = {New York, NY, USA},
    volume = {55},
    number = {3},
    issn = {0360-0300},
    url = {https://doi.org/10.1145/3498335},
    doi = {10.1145/3498335},
    journal = {ACM Comput. Surv.},
    month = {feb},
    articleno = {55},
    numpages = {36},
    keywords = {STRIDE, LINDDUN, security, privacy, instant messaging, cloud service, video conferencing, audio conferencing, Unified communication}
}

@article{Fluker2017,
   author = {Joy Fluker and Meg Murray},
   doi = {10.28945/3740},
   issn = {15551237},
   journal = {Interdisciplinary Journal of Information, Knowledge, and Management},
   title = {Transforming communications in the workplace: The impact of UC on perceived productivity in a multi-national corporation},
   volume = {12},
   year = {2017},
}

@article{Alias2018,
   doi = {10.18517/ijaseit.8.5.6435},
   issn = {24606952},
   issue = {5},
   journal = {International Journal on Advanced Science, Engineering and Information Technology},
   title = {Adoption of unified communications and collaboration from the perspective of diffusion of innovation and service-dominant logic: A preliminary view},
   volume = {8},
   year = {2018},
}

@inproceedings{Yu2017,
   author = {Yu Jin-Gang and Zhai Ya-Rong and Yu Bo and Li Shu},
   doi = {10.1109/ICICTA.2017.41},
   journal = {Proceedings - 10th International Conference on Intelligent Computation Technology and Automation, ICICTA 2017},
   title = {Research and Application of Auto-Scaling Unified Communication Server Based on Docker},
   volume = {2017-October},
   year = {2017},
}

@article{Tsutsui2008,
   issn = {18805884},
   issue = {3},
   journal = {NEC Technical Journal},
   title = {Unified Communications applications},
   volume = {3},
   year = {2008},
}

@article{Alias2019,
   doi = {10.14569/ijacsa.2019.0100422},
   issn = {21565570},
   issue = {4},
   journal = {International Journal of Advanced Computer Science and Applications},
   title = {Instrument development for measuring the acceptance of UC \& C: A content validity study},
   volume = {10},
   year = {2019},
}

@article{hirata2008,
    author = {Hideyuki, Hirata and Keiichi, Imai and Makoto, Noguchi and Tomohiko, Asano},
    year = {2008},
    month = {09},
    pages = {},
    title = {Acceleration of Unified Communications with NGN and SaaS},
    volume = {3},
    journal = {NEC Technical Journal},
    doi = {10.1201/b17180-8}
}

@inbook{bolton2020,
    author = {Bolton, Anthony and Goosen, Leila and Kritzinger, Elmarie},
    year = {2020},
    month = {07},
    pages = {44-73},
    title = {The Impact of Unified Communication and Collaboration Technologies on Productivity and Innovation: Promotion for the Fourth Industrial Revolution},
    isbn = {9781799848837},
    doi = {10.4018/978-1-7998-4882-0.ch002}
}

@article{Riemer2009,
    author={Riemer, Kai
    and Taing, Stefan},
    title={Unified Communications},
    journal={Business {\&} Information Systems Engineering},
    year={2009},
    month={Aug},
    day={01},
    volume={1},
    number={4},
    pages={326-330},
    issn={1867-0202},
    doi={10.1007/s12599-009-0062-3},
    url={https://doi.org/10.1007/s12599-009-0062-3}
}

@article{Bola2015-ka,
  title     = "The relationship between unified communications and big data
               analytics",
  author    = "Bola, Abimbola and {School of Computing and Information       Systems Athabasca University, Canada}",
  journal   = "Int. J. Adv. Trends Comput. Sci. Eng.",
  publisher = "The World Academy of Research in Science and Engineering",
  pages     = "191--194",
  month     =  mar,
  year      =  2015
}

@inbook{Jiafeng2012,
    author="Jiafeng, Li
    and Beiping, Li
    and Li, Feng",
    editor="Qian, Zhihong
    and Cao, Lei
    and Su, Weilian
    and Wang, Tingkai
    and Yang, Huamin",
    title="Study of Unified Communications Platform Application for the Enterprise",
    bookTitle="Recent Advances in Computer Science and Information Engineering: Volume 4",
    year="2012",
    publisher="Springer Berlin Heidelberg",
    address="Berlin, Heidelberg",
    pages="495--501",
    isbn="978-3-642-25769-8",
    doi="10.1007/978-3-642-25769-8_70",
    url="https://doi.org/10.1007/978-3-642-25769-8_70"
}


@book{kurose2017,
    author = {Jim Kurose and Keith Ross},
    title = {Computer Networking: A Top Down Approach},
    edition = {7},
    publisher = {Pearson},
    year = {2017},
}

@techreport{rfc3261,
    author = {J. Rosenberg and H. Schulzrinne and G. Camarillo and A. Johnston and J. Peterson and R. Sparks and M. Handley and E. Schooler},
    title = {{SIP}: Session Initiation Protocol},
    howpublished = {RFC 3261},
    institution = {IETF},
    year = {2002},
    url = {https://datatracker.ietf.org/doc/html/rfc3261},
}


@misc{alticelabsUnifiedCommunications,
	author = {},
	title = {{U}nified {C}ommunications --- alticelabs.com},
	howpublished = {\url{https://www.alticelabs.com/products/unified-communications/}},
	year = {},
	note = {[Accessed 22-10-2023]},
}

@misc{ringcentralAdvancedPhone,
	author = {},
	title = {{A}dvanced {P}hone {S}olution for {M}icrosoft {T}eams | {R}ing{C}entral --- ringcentral.com},
	howpublished = {\url{https://www.ringcentral.com/microsoft-teams.html}},
	year = {},
	note = {[Accessed 23-10-2023]},
}

@misc{8x8VoiceMicrosoft,
	author = {},
	title = {8x8 {V}oice for {M}icrosoft {T}eams --- 8x8.com},
	howpublished = {\url{https://www.8x8.com/products/integrations/8x8-voice-for-microsoft-teams}},
	year = {},
	note = {[Accessed 23-10-2023]},
}
